<?xml version="1.0" encoding="UTF-8"?><collection xmlns="http://www.loc.gov/MARC21/slim"><record><leader>00361nam--2200133-i-4500</leader><controlfield tag="001">000042554</controlfield><controlfield tag="002">20161230</controlfield><controlfield tag="005">20161230201043</controlfield><controlfield tag="008">060222s1000------------r-----000-0-eng-d</controlfield><datafield ind1=" " ind2=" " tag="080"><subfield code="a">530.145:621.37.029</subfield></datafield><datafield ind1=" " ind2=" " tag="100"><subfield code="a">Squire,Charles F</subfield></datafield><datafield ind1=" " ind2=" " tag="245"><subfield code="a">Waves in physical systems</subfield></datafield><datafield ind1=" " ind2=" " tag="260"><subfield code="a">Englewood Cliffs, New Jersey, Prentice-hall,Inc.,1971. Xi+142 P</subfield></datafield><datafield ind1=" " ind2=" " tag="852"><subfield code="a">37135</subfield></datafield></record></collection>